@FOOTNOTE{Note1,key="Note1",note="http://qutip.org/docs/4.0.2/guide/guide-steady.html"}
@CONTROL{REVTEX41Control}
@CONTROL{apsrev41Control,author="08",editor="1",pages="0",title="",year="1"}
