@article{koch2007charge,
  title={Charge-insensitive qubit design derived from the Cooper pair box},
  author={Koch, Jens and Terri, M Yu and Gambetta, Jay and Houck, Andrew A and Schuster, DI and Majer, J and Blais, Alexandre and Devoret, Michel H and Girvin, Steven M and Schoelkopf, Robert J},
  journal={Physical Review A},
  volume={76},
  number={4},
  pages={042319},
  year={2007},
  publisher={APS}
}

@article{wallraff2004strong,
	title={Strong coupling of a single photon to a superconducting qubit using circuit quantum electrodynamics},
	author={Wallraff, Andreas and Schuster, David I and Blais, Alexandre and Frunzio, Luigi and Huang, R-S and Majer, Johannes and Kumar, Sameer and Girvin, Steven M and Schoelkopf, Robert J},
	journal={Nature},
	volume={431},
	number={7005},
	pages={162},
	year={2004},
	publisher={Nature Publishing Group}
}


@article{you2011atomic,
	title={Atomic physics and quantum optics using superconducting circuits},
	author={You, JQ and Nori, Franco},
	journal={Nature},
	volume={474},
	number={7353},
	pages={589},
	year={2011},
	publisher={Nature Publishing Group}
}


@article{deng2015observation,
	title={Observation of Floquet states in a strongly driven artificial atom},
	author={Deng, Chunqing and Orgiazzi, Jean-Luc and Shen, Feiruo and Ashhab, Sahel and Lupascu, Adrian},
	journal={Physical review letters},
	volume={115},
	number={13},
	pages={133601},
	year={2015},
	publisher={APS}
}


@article{astafiev2010resonance,
	title={Resonance fluorescence of a single artificial atom},
	author={Astafiev, O and Zagoskin, Alexandre M and Abdumalikov, AA and Pashkin, Yu A and Yamamoto, T and Inomata, K and Nakamura, Y and Tsai, JS},
	journal={Science},
	volume={327},
	number={5967},
	pages={840--843},
	year={2010},
	publisher={American Association for the Advancement of Science}
}


@article{chiorescu2004coherent,
	title={Coherent dynamics of a flux qubit coupled to a harmonic oscillator},
	author={Chiorescu, I and Bertet, P and Semba, K and Nakamura, Y and Harmans, CJPM and Mooij, JE},
	journal={Nature},
	volume={431},
	number={7005},
	pages={159},
	year={2004},
	publisher={Nature Publishing Group}
}


@article{forn2019ultrastrong,
	title={Ultrastrong coupling regimes of light-matter interaction},
	author={Forn-D{\'\i}az, P and Lamata, L and Rico, E and Kono, J and Solano, E},
	journal={Reviews of Modern Physics},
	volume={91},
	number={2},
	pages={025005},
	year={2019},
	publisher={APS}
}


@article{boller1991observation,
	title={Observation of electromagnetically induced transparency},
	author={Boller, K-J and Imamo{\u{g}}lu, A and Harris, Stephen E},
	journal={Physical Review Letters},
	volume={66},
	number={20},
	pages={2593},
	year={1991},
	publisher={APS}
}

@article{autler1955stark,
	title={Stark effect in rapidly varying fields},
	author={Autler, Stanley H and Townes, Charles H},
	journal={Physical Review},
	volume={100},
	number={2},
	pages={703},
	year={1955},
	publisher={APS}
}


@article{bergmann1998coherent,
	title={Coherent population transfer among quantum states of atoms and molecules},
	author={Bergmann, K and Theuer, H and Shore, BW},
	journal={Reviews of Modern Physics},
	volume={70},
	number={3},
	pages={1003},
	year={1998},
	publisher={APS}
}

@article{sun2018analysis,
	title={Analysis of atom--photon quantum interface with intracavity Rydberg-blocked atomic ensemble via two-photon transition},
	author={Sun, Yuan and Chen, Ping-Xing},
	journal={Optica},
	volume={5},
	number={12},
	pages={1492--1501},
	year={2018},
	publisher={Optical Society of America}
}

@article{timoney2011quantum,
	title={Quantum gates and memory using microwave-dressed states},
	author={Timoney, N and Baumgart, I and Johanning, M and Var{\'o}n, AF and Plenio, Martin B and Retzker, A and Wunderlich, Ch},
	journal={Nature},
	volume={476},
	number={7359},
	pages={185},
	year={2011},
	publisher={Nature Publishing Group}
}
@article{picque1976direct,
	title={Direct observation of the Autler-Townes effect in the optical range},
	author={Picque, JL and Pinard, J},
	journal={Journal of Physics B: Atomic and Molecular Physics},
	volume={9},
	number={5},
	pages={L77},
	year={1976},
	publisher={IOP Publishing}
}
@article{tamarat1995pump,
	title={Pump-probe experiments with a single molecule: ac-stark effect and nonlinear optical response},
	author={Tamarat, Ph and Lounis, B and Bernard, J and Orrit, M and Kummer, S and Kettner, R and Mais, S and Basch{\'e}, Th},
	journal={Physical review letters},
	volume={75},
	number={8},
	pages={1514},
	year={1995},
	publisher={APS}
}

@article{xu2007coherent,
	title={Coherent optical spectroscopy of a strongly driven quantum dot},
	author={Xu, Xiaodong and Sun, Bo and Berman, Paul R and Steel, Duncan G and Bracker, Allan S and Gammon, Dan and Sham, Lu J},
	journal={Science},
	volume={317},
	number={5840},
	pages={929--932},
	year={2007},
	publisher={American Association for the Advancement of Science}
}

@article{li2011decoherence,
	title={Decoherence, Autler-Townes effect, and dark states in two-tone driving of a three-level superconducting system},
	author={Li, Jian and Paraoanu, GS and Cicak, Katarina and Altomare, Fabio and Park, Jae I and Simmonds, Raymond W and Sillanp{\"a}{\"a}, Mika A and Hakonen, Pertti J},
	journal={Physical Review B},
	volume={84},
	number={10},
	pages={104527},
	year={2011},
	publisher={APS}
}
@article{novikov2013autler,
	title={Autler-Townes splitting in a three-dimensional transmon superconducting qubit},
	author={Novikov, S and Robinson, JE and Keane, ZK and Suri, B and Wellstood, FC and Palmer, BS},
	journal={Physical Review B},
	volume={88},
	number={6},
	pages={060503},
	year={2013},
	publisher={APS}
}

@article{newstein1968spontaneous,
	title={Spontaneous emission in the presence of a prescribed classical field},
	author={Newstein, Maurice C},
	journal={Physical Review},
	volume={167},
	number={1},
	pages={89},
	year={1968},
	publisher={APS}
}